@article{GUERRERO2021101155,
title = {Subnational sustainable development: The role of vertical intergovernmental transfers in reaching multidimensional goals},
journal = {Socio-Economic Planning Sciences},
pages = {101-155},
year = {2021},
issn = {0038-0121},
doi = {https://doi.org/10.1016/j.seps.2021.101155},
url = {https://www.sciencedirect.com/science/article/pii/S0038012121001476},
author = {Omar A. Guerrero and Gonzalo Castañeda and Georgina Trujillo and Lucy Hackett and Florian Chávez-Juárez},
keywords = {Subnational development, SDGs, State finances, Fiscal federalism, Sustainability, Policy priorities, Agent-based model}
}